<record xmlns="http://www.loc.gov/MARC21/slim" xmlns:xsi="http://www.w3.org/2001/XMLSchema-instance" xsi:schemaLocation="http://www.loc.gov/MARC21/slim http://www.loc.gov/standards/marcxml/schema/MARC21slim.xsd"><leader>03275nam a2200529   4500</leader><controlfield tag="001">3072480</controlfield><controlfield tag="003">NNC</controlfield><controlfield tag="006">m        d        </controlfield><controlfield tag="007">cr cn |||m|||a</controlfield><controlfield tag="008">150223s1908    ua      o     000 0 arard</controlfield><datafield ind1=" " ind2=" " tag="040"><subfield code="a">NNU</subfield><subfield code="b">eng</subfield><subfield code="e">rda</subfield><subfield code="c">NNU</subfield></datafield><datafield ind1="1" ind2="4" tag="050"><subfield code="a">B753.S83</subfield><subfield code="b">H553x 1908</subfield></datafield><datafield ind1="1" ind2=" " tag="100"><subfield code="6">880-01</subfield><subfield code="a">Dawwa&#772;ni&#772;, Muh&#803;ammad ibn As&#699;ad,</subfield><subfield code="d">1426 or 1427-1512 or 1513.</subfield></datafield><datafield ind1="1" ind2="0" tag="240"><subfield code="6">880-02</subfield><subfield code="a">Zawra&#772;&#700;</subfield></datafield><datafield ind1="1" ind2="0" tag="245"><subfield code="6">880-03</subfield><subfield code="a">Ha&#772;dha&#772; Kita&#772;b al-Zawra&#772;&#700; wa-al-ta&#699;li&#772;qa&#772;t &#699;alayhi fi&#772; tah&#803;qi&#772;q al-mabda&#700; wa-al-ma&#699;a&#772;d /</subfield><subfield code="c">li-Jala&#772;l al-Di&#772;n al-Dawwa&#772;ni&#772;.</subfield></datafield><datafield ind1="3" ind2="0" tag="246"><subfield code="6">880-04</subfield><subfield code="a">Kita&#772;b al-Zawra&#772;&#700; wa-al-ta&#699;li&#772;qa&#772;t &#699;alayhi fi&#772; tah&#803;qi&#772;q al-mabda&#700; wa-al-ma&#699;a&#772;d</subfield></datafield><datafield ind1=" " ind2=" " tag="250"><subfield code="6">880-05</subfield><subfield code="a">al-T&#803;ab&#699;ah 1.</subfield></datafield><datafield ind1=" " ind2=" " tag="260"><subfield code="6">880-06</subfield><subfield code="a">Kafr al-T&#803;amma&#772;&#699;i&#772;n [al-Qa&#772;hirah] :</subfield><subfield code="b">al-Mat&#803;ba&#699;ah al-H&#803;usayni&#772;yah al-Mis&#803;ri&#772;yah,</subfield><subfield code="c">1326 [1908].</subfield></datafield><datafield ind1=" " ind2=" " tag="300"><subfield code="a">online resource (48 p.)</subfield></datafield><datafield ind1=" " ind2=" " tag="336"><subfield code="a">text</subfield><subfield code="2">rdacontent</subfield></datafield><datafield ind1=" " ind2=" " tag="337"><subfield code="a">computer</subfield><subfield code="2">rdamedia</subfield></datafield><datafield ind1=" " ind2=" " tag="338"><subfield code="a">online resource</subfield><subfield code="2">rdacarrier</subfield></datafield><datafield ind1=" " ind2=" " tag="500"><subfield code="a">Followed by the author's al-H&#803;a&#772;shiyah &#699;ala&#769; khut&#803;bat al-Zawra&#772;&#700; (p. 35-end).</subfield></datafield><datafield ind1=" " ind2=" " tag="500"><subfield code="a">al-Zawra&#772;&#700; is a commentary on al-Suhrawardi&#772;'s H&#803;ikmat al-ishra&#772;q.</subfield></datafield><datafield ind1=" " ind2=" " tag="500"><subfield code="a">Includes the text of al-Suhrawardi&#772;'s H&#803;ikmat al-ishra&#772;q.</subfield></datafield><datafield ind1=" " ind2=" " tag="500"><subfield code="a">Part of the Arabic Collections Online (ACO) project, contributed by Columbia University Libraries.</subfield></datafield><datafield ind1=" " ind2=" " tag="533"><subfield code="a">Electronic reproduction.</subfield><subfield code="b">New York, N.Y. :</subfield><subfield code="c">New York University,</subfield><subfield code="d">2015.</subfield><subfield code="5">NNU</subfield></datafield><datafield ind1="1" ind2="0" tag="600"><subfield code="a">Suhrawardi&#772;, Yah&#803;ya&#769; ibn H&#803;abash,</subfield><subfield code="d">1152 or 3-1191.</subfield><subfield code="t">H&#803;ikmat al-ishra&#772;q.</subfield></datafield><datafield ind1="1" ind2="0" tag="600"><subfield code="a">Dawwa&#772;ni&#772;, Muh&#803;ammad ibn As&#699;ad,</subfield><subfield code="d">1426 or 1427-1512 or 1513.</subfield><subfield code="t">Zawra&#772;&#700;.</subfield></datafield><datafield ind1=" " ind2="0" tag="650"><subfield code="a">Ishra&#772;qi&#772;yah.</subfield></datafield><datafield ind1=" " ind2="0" tag="650"><subfield code="a">Sufism.</subfield></datafield><datafield ind1="1" ind2="2" tag="700"><subfield code="6">880-07</subfield><subfield code="a">Dawwa&#772;ni&#772;, Muh&#803;ammad ibn As&#699;ad,</subfield><subfield code="d">1426 or 1427-1512 or 1513.</subfield><subfield code="t">H&#803;a&#772;shiyah &#699;ala&#769; khut&#803;bat al-Zawra&#772;&#700;.</subfield></datafield><datafield ind1="1" ind2="2" tag="700"><subfield code="6">880-08</subfield><subfield code="a">Suhrawardi&#772;, Yah&#803;ya&#769; ibn H&#803;abash,</subfield><subfield code="d">1152 or 3-1191.</subfield><subfield code="t">H&#803;ikmat al-ishra&#772;q.</subfield></datafield><datafield ind1="2" ind2=" " tag="710"><subfield code="a">Columbia University.</subfield><subfield code="b">Libraries.</subfield></datafield><datafield ind1="0" ind2=" " tag="730"><subfield code="a">Arabic Collections Online.</subfield></datafield><datafield ind1="0" ind2="8" tag="776"><subfield code="i">Print version:</subfield><subfield code="a">Dawwa&#772;ni&#772;, Muh&#803;ammad ibn As&#699;ad, 1426 or 1427-1512 or 1513.</subfield><subfield code="t">Ha&#772;dha&#772; Kita&#772;b al-Zawra&#772;&#700; wa-al-ta&#699;li&#772;qa&#772;t &#699;alayhi fi&#772; tah&#803;qi&#772;q al-mabda&#700; wa-al-ma&#699;a&#772;d</subfield><subfield code="w">(NNC)3072480</subfield><subfield code="w">(OCoLC)37483083</subfield></datafield><datafield ind1="4" ind2="0" tag="856"><subfield code="u">http://hdl.handle.net/2333.1/h18933vt</subfield></datafield><datafield ind1="1" ind2=" " tag="880"><subfield code="6">100-01/r</subfield><subfield code="a">&#1583;&#1608;&#1575;&#1606;&#1610;&#1548; &#1605;&#1581;&#1605;&#1583; &#1576;&#1606; &#1575;&#1587;&#1593;&#1583;&#1548;</subfield><subfield code="d">1426 1426 or 1427-1512 or 1513.</subfield></datafield><datafield ind1="1" ind2="0" tag="880"><subfield code="6">240-02/r</subfield><subfield code="a">&#1586;&#1608;&#1585;&#1575;&#1569;</subfield></datafield><datafield ind1="1" ind2="0" tag="880"><subfield code="6">245-03/r</subfield><subfield code="a">&#1607;&#1575;&#1584;&#1575; &#1603;&#1578;&#1575;&#1576; &#1575;&#1604;&#1586;&#1608;&#1585;&#1575;&#1569; &#1608;&#1575;&#1604;&#1578;&#1593;&#1604;&#1610;&#1602;&#1575;&#1578; &#1593;&#1604;&#1610;&#1607; &#1601;&#1610; &#1578;&#1581;&#1602;&#1610;&#1602; &#1575;&#1604;&#1605;&#1576;&#1583;&#1571; &#1608;&#1575;&#1604;&#1605;&#1593;&#1575;&#1583; /</subfield><subfield code="c">&#1604;&#1580;&#1604;&#1575;&#1604; &#1575;&#1604;&#1583;&#1610;&#1606; &#1575;&#1604;&#1583;&#1608;&#1575;&#1606;&#1610;.</subfield></datafield><datafield ind1="3" ind2="0" tag="880"><subfield code="6">246-04/r</subfield><subfield code="a">&#1603;&#1578;&#1575;&#1576; &#1575;&#1604;&#1586;&#1608;&#1585;&#1575;&#1569; &#1608;&#1575;&#1604;&#1578;&#1593;&#1604;&#1610;&#1602;&#1575;&#1578; &#1593;&#1604;&#1610;&#1607; &#1601;&#1610; &#1578;&#1581;&#1602;&#1610;&#1602; &#1575;&#1604;&#1605;&#1576;&#1583;&#1571; &#1608;&#1575;&#1604;&#1605;&#1593;&#1575;&#1583;</subfield></datafield><datafield ind1=" " ind2=" " tag="880"><subfield code="6">250-05/r</subfield><subfield code="a">&#1575;&#1604;&#1591;&#1576;&#1593;&#1577; 1.</subfield></datafield><datafield ind1=" " ind2=" " tag="880"><subfield code="6">260-06/r</subfield><subfield code="a">&#1603;&#1601;&#1585; &#1575;&#1604;&#1591;&#1605;&#1575;&#1593;&#1610;&#1606; [&#1575;&#1604;&#1602;&#1575;&#1607;&#1585;&#1577;] :</subfield><subfield code="b">&#1575;&#1604;&#1605;&#1591;&#1576;&#1593;&#1577; &#1575;&#1604;&#1581;&#1587;&#1610;&#1606;&#1610;&#1577; &#1575;&#1604;&#1605;&#1589;&#1585;&#1610;&#1577;&#1548;</subfield><subfield code="c">1326 [1908].</subfield></datafield><datafield ind1="1" ind2="2" tag="880"><subfield code="6">700-07/r</subfield><subfield code="a">&#1583;&#1608;&#1575;&#1606;&#1610;&#1548; &#1605;&#1581;&#1605;&#1583; &#1576;&#1606; &#1575;&#1587;&#1593;&#1583;&#1548;</subfield><subfield code="d">1426 or 1427-1512 or 1513.</subfield><subfield code="t">&#1581;&#1575;&#1588;&#1610;&#1577; &#1593;&#1604;&#1609; &#1582;&#1591;&#1576;&#1577; &#1575;&#1604;&#1586;&#1608;&#1585;&#1575;&#1569;.</subfield></datafield><datafield ind1="1" ind2="2" tag="880"><subfield code="6">700-08/r</subfield><subfield code="a">&#1587;&#1607;&#1585;&#1608;&#1585;&#1583;&#1610;&#1548; &#1610;&#1581;&#1610;&#1609; &#1576;&#1606; &#1581;&#1576;&#1588;&#1548;</subfield><subfield code="d">1152 or 31191.</subfield><subfield code="t">&#1581;&#1603;&#1605;&#1577; &#1575;&#1604;&#1575;&#1588;&#1585;&#1575;&#1602;.</subfield></datafield><datafield ind1=" " ind2=" " tag="959"><subfield code="a">NNU</subfield><subfield code="b">WEB</subfield><subfield code="c">GENI</subfield><subfield code="t">0</subfield><subfield code="m">Electronic access</subfield><subfield code="s">01</subfield></datafield><datafield ind1=" " ind2=" " tag="999"><subfield code="i">NNC_3072480</subfield><subfield code="o">(OCoLC)37483083</subfield><subfield code="e">OK</subfield><subfield code="s">columbia_aco000092</subfield></datafield></record>